@mastersthesis{Leitert2011,
author = {Arne Leitert},
title = {Graphenbasierte Überprüfung unvollständiger Lösungen in Modellierungsaufgaben},
school = {Institut für Informatik, Universität Rostock},
year = {2011},
type = {Studienarbeit},
month = jul,

}