@MISC{GEDisNPcomp,
    author = {Kaizhong Zhang and Jason Wang and Dennis Shasha and Communicated T. Jiang},
    title = {On the Editing Distance between Undirected Acyclic Graphs},
    year = {1995}
}


@article{GIinNP,
 author = {Schöning, Uwe},
 title = {Graph isomorphism is in the low hierarchy},
 journal = {J. Comput. Syst. Sci.},
 volume = {37},
 issue = {3},
 month = {December},
 year = {1988},
 issn = {0022-0000},
 pages = {312--323},
 numpages = {12},
 publisher = {Academic Press, Inc.},
 address = {Orlando, FL, USA},
} 

@Article{BBOrginal,
  author =	 {A. H. Land and A. G Doig},
  title =	 {An Automatic Method of Solving Discrete Programming
                  Problems},
  journal =	 {Econometrica},
  year =	 1960,
  volume =	 28,
  number =	 3,
  pages = 	 {497--520},
}

@PHDTHESIS{phdRiesen,
author = {Kaspar Riesen},
title = {Classification and Clustering of Vector Space Embedded Graphs},
school = {Institut für Informatik und angewandte Mathematik, Universität Bern},
year = {2009},
address = {Bern, Switzerland}
}
@article{AStarAlgCorrection,
 author = {Hart, Peter E. and Nilsson, Nils J. and Raphael, Bertram},
 title = {Correction to "'A Formal Basis for the Heuristic Determination of Minimum Cost Paths"'},
 journal = {SIGART Bull.},
 issue = {37},
 month = {December},
 year = {1972},
 issn = {0163-5719},
 pages = {28--29},
 numpages = {2},
 acmid = {1056779},
 publisher = {ACM},
 address = {New York, NY, USA},
} 

@ARTICLE{AStarAlg,
  AUTHOR={Hart, Peter E. and Nilsson, Nils J. and Raphael, Bertram},
  TITLE={A formal basis for the heuristic determination of minimum cost paths},
  JOURNAL={IEEE Transactions on Systems, Science, and Cybernetics},
  PAGES={100-107},
  NUMBER={2},
  VOLUME={SSC-4},
  YEAR={1968}
}


@article{MCSviaVertexCover,
author = {Faisal N. Abu-Khzam and Nagiza F. Samatova and Mohamad A. Rizk and Michael A. Langston},
title = {The Maximum Common Subgraph Problem: Faster Solutions via Vertex Cover},
journal ={Computer Systems and Applications, ACS/IEEE International Conference on},
volume = {0},
isbn = {1-4244-1030-4},
year = {2007},
pages = {367-373},
publisher = {IEEE Computer Society},
address = {Los Alamitos, CA, USA},
}

@inproceedings{MaxCGAlgComp,
 author = {Conte, D. and Guidobaldi, C. and Sansone, C.},
 title = {A comparison of three maximum common subgraph algorithms on a large database of labeled graphs},
 booktitle = {Proceedings of the 4th IAPR international conference on Graph based representations in pattern recognition},
 series = {GbRPR'03},
 year = {2003},
 isbn = {3-540-40452-X},
 location = {York, UK},
 pages = {130--141},
 numpages = {12},
 url = {http://portal.acm.org/citation.cfm?id=1757868.1757884},
 acmid = {1757884},
 publisher = {Springer-Verlag},
 address = {Berlin, Heidelberg},
} 

@inproceedings{Cook:1971,
 author = {Cook, Stephen A.},
 title = {The complexity of theorem-proving procedures},
 booktitle = {Proceedings of the third annual ACM symposium on Theory of computing},
 series = {STOC '71},
 year = {1971},
 location = {Shaker Heights, Ohio, United States},
 pages = {151--158},
 numpages = {8},
 url = {http://doi.acm.org/10.1145/800157.805047},
 doi = {http://doi.acm.org/10.1145/800157.805047},
 acmid = {805047},
 publisher = {ACM},
 address = {New York, NY, USA},
} 

@book{Garey:1990,
 author = {Garey, Michael R. and Johnson, David S.},
 title = {Computers and Intractability; A Guide to the Theory of NP-Completeness},
 year = {1990},
 isbn = {0716710455},
 publisher = {W. H. Freeman \& Co.},
 address = {New York, NY, USA},
}

@article{Bunke:1997,
 author = {Bunke, H.},
 title = {On a relation between graph edit distance and maximum common subgraph},
 journal = {Pattern Recogn. Lett.},
 volume = {18},
 issue = {9},
 month = {August},
 year = {1997},
 issn = {0167-8655},
 pages = {689--694},
 numpages = {6},
 acmid = {272694},
 publisher = {Elsevier Science Inc.},
 address = {New York, NY, USA},
 keywords = {approximate graph matching, cost function, edit operation, graph edit distance, maximum common subgraph},
}

@misc{wikiD:GI,
   author = {Wikipedia},
   title = {Isomorphie von Graphen --- Wikipedia{,} Die freie Enzyklopädie},
   year = {2010},
   url = {http://de.wikipedia.org/w/index.php?title=Isomorphie_von_Graphen&oldid=77741052},
   note = {[Online; Stand 31. Januar 2011]}
}

@misc{wikiE:GI,
   author = {Wikipedia},
   title = {Graph isomorphism problem --- Wikipedia, The Free Encyclopedia},
   year = {2011},
   url = {http://en.wikipedia.org/w/index.php?title=Graph_isomorphism_problem&oldid=407719426},
   note = {[Online; accessed 31-January-2011]}
}

@incollection{Karp72,
  author = {R. Karp},
  booktitle = {Complexity of Computer Computations},
  editor = {R. Miller and J. Thatcher},
  pages = {85--103},
  publisher = {Plenum Press},
  title = {Reducibility among combinatorial problems},
  year = {1972}
}

@MISC{MaxCSwitMaxIS,
    author = {W. Henry Suters and Faisal N. Abu-khzam and Yun Zhang and Christopher T. Symons and Nagiza F. Samatova and Michael A. Langston},
    title = {A New Approach and Faster Exact Methods for the Maximum Common Subgraph Problem},
    year = {}
}

@Article{Munkres1957,
    author = {J. Munkres},
    title = {Algorithms for the Assignment and Transportation Problems},
    journal = {Journal of the Society of Industrial and Applied Mathematics},
    year = {1957},
    volume = {5},
    number = {1},
    pages = {32--38},
}

@MISC{_RiesenSpeedingup_,
    author = {Kaspar Riesen and Stefan Fankhauser and Horst Bunke},
    title = {Speeding up Graph Edit Distance Computation with a Bipartite Heuristic 1 (Extended Abstract)},
    year = {}
}

@inproceedings{RiesenSpeedingup,
  author    = {Kaspar Riesen and
               Stefan Fankhauser and
               Horst Bunke},
  title     = {Speeding Up Graph Edit Distance Computation with a Bipartite
               Heuristic},
  booktitle = {MLG},
  year      = {2007},
  ee        = {http://mlg07.dsi.unifi.it/pdf/02_Riesen.pdf},
  crossref  = {DBLP:conf/mlg/2007},
  bibsource = {DBLP, http://dblp.uni-trier.de}
}

@proceedings{DBLP:conf/mlg/2007,
  editor    = {Paolo Frasconi and
               Kristian Kersting and
               Koji Tsuda},
  title     = {Mining and Learning with Graphs, MLG 2007, Firence, Italy,
               August 1-3, 2007, Proceedings},
  booktitle = {MLG},
  year      = {2007},
  bibsource = {DBLP, http://dblp.uni-trier.de}

}



@misc{ wikiD:LVR,
   author = {Wikipedia},
   title = {Lotka-Volterra-Regeln --- Wikipedia{,} Die freie Enzyklopädie},
   year = {2010},
   url = {http://de.wikipedia.org/w/index.php?title=Lotka-Volterra-Regeln&oldid=82636686},
   note = {[Online; Stand 12. März 2011]}
 }

 @misc{ wikiD:LevDis,
   author = "Wikipedia",
   title = "Levenshtein-Distanz --- Wikipedia{,} Die freie Enzyklopädie",
   year = "2011",
   url = "http://de.wikipedia.org/w/index.php?title=Levenshtein-Distanz&oldid=86671458",
   note = "[Online; Stand 22. März 2011]"
 }

@article{Bravo:2006,
 author = {Bravo, Crescencio and Van Joolingen, Wouter R. and De Jong, Ton},
 title = {Modeling and Simulation in Inquiry Learning: Checking Solutions and Giving Intelligent Advice},
 journal = {Simulation},
 volume = {82},
 issue = {11},
 month = {November},
 year = {2006},
 issn = {0037-5497},
 pages = {769--784},
 numpages = {16},
 publisher = {Society for Computer Simulation International},
 address = {San Diego, CA, USA},
 keywords = {Inquiry learning, intelligent solution analysis, system dynamics modeling},
}

@article{ApproxGED,
 author = {Zeng, Zhiping and Tung, Anthony K. H. and Wang, Jianyong and Feng, Jianhua and Zhou, Lizhu},
 title = {Comparing stars: on approximating graph edit distance},
 journal = {Proc. VLDB Endow.},
 issue_date = {August 2009},
 volume = {2},
 issue = {1},
 month = {August},
 year = {2009},
 issn = {2150-8097},
 pages = {25--36},
 numpages = {12},
 publisher = {VLDB Endowment},
} 

